% 鈴木研究室　卒業論文・文献データベーステンプレート
% Version: 1.0
% Last Update: 2011/12/31 by Hidekazu Suzuki
% Contact to: hsuzuki@meijo-u.ac.jp
%
% This file was created with JabRef 2.7.
% Encoding: UTF8

@TECHREPORT{IPsec,
  author = {S. Kent and K. Seo},
  title = {Security Architecture for the Internet Protocol},
  institution = {IETF},
  year = {2005},
  type = {RFC},
  number = {4301}
}

@INPROCEEDINGS{MPPC-HP,
  author = {H. Suzuki and K. Terazawa and A. Watanabe},
  title = {Implementation of NAT Traversal for Mobile PPC with the Principle
	of Hole Punching},
  booktitle = {Proc. of the IEEE International Region 10 Conference 2009 (TENCON2009)},
  year = {2009},
  series = {TUE3.4.6 P0819}
}

@TECHREPORT{DynamicPrefixNEMOv4,
  author = {G. Tsirtsis and V. Park and V. Narayanan and K. Leung},
  title = {Dynamic Prefix Allocation for NEMOv4},
  institution = {IETF},
  year = {2011},
  type = {Internet-Draft},
  note = {\url{http://www.ietf.org/id/draft-ietf-mip4-nemov4-dynamic-05.txt}}
}

@PHDTHESIS{HSuzuki-DT,
  author = {鈴木 秀和},
  title = {安全性と移動性を両立する柔軟なグループ通信アーキテクチャに関する研究},
  school = {名城大学},
  year = {2010},
  type = {名城大学大学院理工学研究科博士論文}
}

@MASTERSTHESIS{HSuzuki-MT,
  author = {鈴木 秀和},
  title = {フレキシブルプライベートネットワークにおける動的処理解決プロトコルDPRPの実装と評価},
  school = {名城大学},
  year = {2006},
  type = {名城大学大学院理工学研究科修士論文}
}

@INPROCEEDINGS{NTMobile,
  author = {鈴木 秀和 and 水谷 智大 and 西尾 拓也 and 内藤 克浩 and 渡邊 晃},
  title = {NTMobileにおける相互接続性の確立手法と実装},
  booktitle = {マルチメディア，分散，協調とモバイル（DICOMO2011）シンポジウム論文集},
  year = {2011},
  volume = {2011},
  number = {1},
  pages = {1339--1348}
}

@ARTICLE{GSRA,
  author = {鈴木 秀和 and 渡邊 晃},
  title = {通信グループに基づくサービスの制御が可能なNAT越えシステムの提案},
  journal = {情報処理学会論文誌},
  year = {2010},
  volume = {51},
  pages = {1881--1891},
  number = {9}
}

@BOOK{LinuxKernel,
  title = {Linuxカーネル2.6解読室},
  publisher = {ソフトバンククリエイティブ},
  year = {2006},
  author = {高橋 浩和 and 小田 逸郎 and 山幡 為佐久}
}

@MISC{JabRef,
  title = {JabRef reference manager},
  note = {\url{http://jabref.sourceforge.net/}}
}

@MISC{Mendeley,
  title = {Free reference manager and PDF organizer | Mendeley},
  note = {\url{http://www.mendeley.com/}}
}

@MISC{UCLab,
  title = {UC Lab. (Suzuki Laboratory)},
  note = {\url{http://www.ucl.meijo-u.ac.jp/}}
}

@MANUAL{UPnPDevArch,
  title = {UPnP Device Architecture 1.1},
  organization = {UPnP Forum},
  year = {2008},
  note = {\url{http://upnp.org/specs/arch/UPnP-arch-DeviceArchitecture-v1.1.pdf}}
}

